@book{typo,
  author    = {},
  title     = {Lexique des règles typographiques en usage à l'Imprimerie nationale},
  publisher = {L'Imprimerie nationale},
  year      = {2002},
  address   = {Paris},
  isbn      = {2-7433-0482-0}
}

@online{knuthwebsite,
  author   = {Donald Knuth},
  title    = {Knuth: Computers and Typesetting},
  year     = {2018},
  url      = {http://www-cs-faculty.stanford.edu/~uno/abcde.html},
  addendum = {(accessed: 01.09.2016)},
  keywords = {latex,knuth}
}

@online{labrecque,
  author   = {Mark Labrecque},
  title    = {Pros and cons of Docker},
  year     = {2020},
  url      = {https://affinitybridge.com/blog/pros-and-cons-docker},
  addendum = {(accessed: 31.03.2022)},
  keywords = {docker,pros,cons}
}

@online{nick,
  author   = {Nick from Iron},
  title    = {Docker Containers: Advantages and Disadvantages},
  url      = {https://blog.iron.io/docker-containers-the-pros-and-cons-of-docker/},
  addendum = {(accessed: 31.03.2022)},
  keywords = {docker,advantages,disadvantages}
}

@article{einstein,
  author   = {Albert Einstein},
  title    = {{Zur Elektrodynamik bewegter K{\"o}rper}. ({German})
              [{On} the electrodynamics of moving bodies]},
  journal  = {Annalen der Physik},
  volume   = {322},
  number   = {10},
  pages    = {891--921},
  year     = {1905},
  doi      = {http://dx.doi.org/10.1002/andp.19053221004},
  keywords = {physics}
}

@book{dirac,
  title     = {The Principles of Quantum Mechanics},
  author    = {Paul Adrien Maurice Dirac},
  isbn      = {9780198520115},
  series    = {International series of monographs on physics},
  year      = {1981},
  publisher = {Clarendon Press},
  keywords  = {physics}
}

@article{rad2017introduction,
  title     = {An introduction to docker and analysis of its performance},
  author    = {Rad, Babak Bashari and Bhatti, Harrison John and Ahmadi, Mohammad},
  journal   = {International Journal of Computer Science and Network Security (IJCSNS)},
  volume    = {17},
  number    = {3},
  pages     = {228},
  year      = {2017},
  publisher = {International Journal of Computer Science and Network Security}
}

@article{combe2016docker,
  title     = {To docker or not to docker: A security perspective},
  author    = {Combe, Theo and Martin, Antony and Di Pietro, Roberto},
  journal   = {IEEE Cloud Computing},
  volume    = {3},
  number    = {5},
  pages     = {54--62},
  year      = {2016},
  publisher = {IEEE}
}

@inproceedings{chung2016using,
  title        = {Using docker in high performance computing applications},
  author       = {Chung, Minh Thanh and Quang-Hung, Nguyen and Nguyen, Manh-Thin and Thoai, Nam},
  booktitle    = {2016 IEEE Sixth International Conference on Communications and Electronics (ICCE)},
  pages        = {52--57},
  year         = {2016},
  organization = {IEEE}
}

@inproceedings{felter2015updated,
  title        = {An updated performance comparison of virtual machines and linux containers},
  author       = {Felter, Wes and Ferreira, Alexandre and Rajamony, Ram and Rubio, Juan},
  booktitle    = {2015 IEEE international symposium on performance analysis of systems and software (ISPASS)},
  pages        = {171--172},
  year         = {2015},
  organization = {IEEE}
}